@online{Baer2003,
author = {Christian Bär},
title = {Skript zur Vorlesung über Nichtkommutative Geometrie aus dem Sommersemester 2003},
year = {2003},
url = {http://geometrie.math.uni-potsdam.de/index.php/de/lehre2/lehrmaterialien?task=showbib&id=13},
}

@book{Jaenich2008,
author = {Klaus Jänich},
title = {Topologie},
year = {2005},
publisher = {Springer-Verlag},
location = {Berlin Heidelberg},
isbn = {978-3-540-26828-4},
url = {http://dx.doi.org/10.1007/b138142},
}

@book{Werner2011,
author = {Dirk Werner},
title = {Funktionalanalysis},
year = {2011},
publisher = {Springer-Verlag},
location = {Berlin Heidelberg},
isbn = {978-3-642-21016-7},
url = {http://dx.doi.org/10.1007/978-3-642-21017-4}
}
@online{Einheitswurzeln,
author = {Claus Michael Ringel},
title = {Funktionen - Leitfaden},
subtitle = {10. Die komplexen Zahlen},
year = {2008},
url = {http://www.math.uni-bielefeld.de/~sek/funktion/},
}

@article{GN1943,
author = {Israel Gelfand and Mark Neumark},
title = {On the imbedding of normed rings into the ring of operators in Hilbert space},
journaltitle = {Rec. Math. [Mat. Sbornik] N.S.},
year = {1943},
volume = {12(54)},
issue = {2},
pages = {197--217},
url = {http://www.mathnet.ru/php/archive.phtml?wshow=paper&jrnid=sm&paperid=6155&option_lang=eng},
}

@thesis{Bognat2011,
author = {Adam Bognat},
title = {Milnor's Exotic Spheres},
type = {Master's Theses},
institution = {University of Waterloo},
year = {2011},
url = {http://www.math.uwaterloo.ca/~karigian/training/bognat-final-project.pdf},
}

@online{Pizza2013,
author = {Ingo Blechschmidt and others},
title = {Pizzaseminar zur Kategorientheorie},
year = {2013},
url = {http://pizzaseminar.speicherleck.de/index-1.html},
}

@online{Ambrogio2009,
author = {Ivo Dell'Ambrogio},
title = {Categories of C*-algebras},
year = {2009},
url = {http://math.univ-lille1.fr/~dellambr/exercise_C_algebras.pdf},
}

@online{Elwes2011,
author = {Richard Elwes},
title = {Exotic spheres, or why 4-dimensional space is a crazy place},
year = {2011},
url = {http://plus.maths.org/content/richard-elwes},
organization = {Plus},
}

